<?xml version="1.0" encoding="utf-8"?>
<record xmlns="http://www.loc.gov/MARC21/slim" xmlns:xsi="http://www.w3.org/2001/XMLSchema-instance" xsi:schemaLocation="http://www.loc.gov/MARC21/slim http://www.loc.gov/standards/marcxml/schema/MARC21slim.xsd">
	<leader>     nam a22     Mi 4500</leader>
	<controlfield tag="001">2785540</controlfield>
	<controlfield tag="003">NjP</controlfield>
	<controlfield tag="006">m        d        </controlfield>
	<controlfield tag="007">cr cn |||m|||a</controlfield>
	<controlfield tag="008">201005s1935    ti      o     000 0 ara d</controlfield>
	<datafield ind1=" " ind2=" " tag="040">
		<subfield code="a">ZYU</subfield>
		<subfield code="b">ara</subfield>
		<subfield code="e">rda</subfield>
		<subfield code="c">ZYU</subfield>
	</datafield>
	<datafield ind1="1" ind2=" " tag="100">
		<subfield code="6">880-01</subfield>
		<subfield code="a">Mārghanī al-Tūnisī, Ibrāhīm ibn Aḥmad.</subfield>
	</datafield>
	<datafield ind1="1" ind2="3" tag="245">
		<subfield code="6">880-02</subfield>
		<subfield code="a">al-Nujūm al-ṭawāliʻ ʻalá al-Durar al-lawāmiʻ fī aṣl maqraʼ al-imām Nāfiʻ /</subfield>
		<subfield code="c">sharḥ ... Ibrāhīm al-Mārghinī ... Abī al-Ḥasan ʻAlī al-Ribāṭī al-maʻrūf bi-Ibn Barrī. Wa-bi-hāmishihi Risālah rāʼiqah laṭīfah fī aḥad mabāḥith al-basmalah al-sharīfah tusammá al-Qawl al-ajlá fī kawn al-basmalah min al-Qurʼān awwalan li-muʼallif al-sharḥ al-madhkūr ...</subfield>
	</datafield>
	<datafield ind1=" " ind2=" " tag="260">
		<subfield code="6">880-03</subfield>
		<subfield code="a">Tūnis :</subfield>
		<subfield code="b">Maṭbaʻah al-Tūnisīyah,</subfield>
		<subfield code="c">1935.</subfield>
	</datafield>
	<datafield ind1=" " ind2=" " tag="300">
		<subfield code="a">online resource (240 pages)</subfield>
	</datafield>
	<datafield ind1=" " ind2=" " tag="336">
		<subfield code="a">text</subfield>
		<subfield code="2">rdacontent</subfield>
	</datafield>
	<datafield ind1=" " ind2=" " tag="337">
		<subfield code="a">computer</subfield>
		<subfield code="2">rdamedia</subfield>
	</datafield>
	<datafield ind1=" " ind2=" " tag="338">
		<subfield code="a">online resource</subfield>
		<subfield code="2">rdacarrier</subfield>
	</datafield>
	<datafield ind1=" " ind2=" " tag="500">
		<subfield code="a">Part of the Arabic Collections Online (ACO) project, contributed by Princeton University Libraries.</subfield>
	</datafield>
	<datafield ind1=" " ind2=" " tag="533">
		<subfield code="a">Electronic reproduction.</subfield>
		<subfield code="b">New York, N.Y. :</subfield>
		<subfield code="c">New York University,</subfield>
		<subfield code="d">2020.</subfield>
		<subfield code="5">NNU</subfield>
	</datafield>
	<datafield ind1=" " ind2=" " tag="546">
		<subfield code="a">In Arabic.</subfield>
	</datafield>
	<datafield ind1=" " ind2=" " tag="500">
		<subfield code="a">On the margins: al-Qawl al-ajlā fī kawn al-basmalah, by al-Marghanī and three short treatises by Muḥammad ibn ʻAl ibn Yālushah.</subfield>
	</datafield>
	<datafield ind1="1" ind2="0" tag="600">
		<subfield code="a">Ibn Barrī, ʻAlī ibn Muḥammad,</subfield>
		<subfield code="d">approximately 1261-approximately 1330.</subfield>
		<subfield code="t">Durar al-lawāmiʻ fī aṣl maqraʼ al-imām Nāfiʻ.</subfield>
	</datafield>
	<datafield ind1=" " ind2="0" tag="650">
		<subfield code="a">Basmalah.</subfield>
	</datafield>
	<datafield ind1="2" ind2=" " tag="710">
		<subfield code="a">Princeton University.</subfield>
		<subfield code="b">Library.</subfield>
	</datafield>
	<datafield ind1="0" ind2=" " tag="730">
		<subfield code="a">Arabic Collections Online.</subfield>
	</datafield>
	<datafield ind1="0" ind2="8" tag="776">
		<subfield code="i">Print version:</subfield>
		<subfield code="a">Mārghanī al-Tūnisī, Ibrāhīm ibn Aḥmad.</subfield>
		<subfield code="t">al-Nujūm al-ṭawāliʻ ʻalá al-Durar al-lawāmiʻ fī aṣl maqraʼ al-imām Nāfiʻ</subfield>
		<subfield code="w">(NjP)2785540</subfield>
		<subfield code="w">(OCoLC)42811513</subfield>
	</datafield>
	<datafield ind1="4" ind2="0" tag="856">
		<subfield code="u">http://hdl.handle.net/2333.1/stqjqcb4</subfield>
	</datafield>
	<datafield ind1="4" ind2="0" tag="856">
		<subfield code="u">http://hdl.handle.net/2333.1/stqjqcb4</subfield>
	</datafield>
	<datafield ind1="1" ind2=" " tag="880">
		<subfield code="6">100-01</subfield>
		<subfield code="a">مارغني التونسي، ابراهيم بن احمد.‎</subfield>
	</datafield>
	<datafield ind1="1" ind2="2" tag="880">
		<subfield code="6">245-02</subfield>
		<subfield code="a">النجوم الطوالع على الدرر اللوامع في اصل مقرا الامام نافع /‎</subfield>
		<subfield code="c">شرح ... ابراهيم المارغني ... ابي الحسن علي الرباطي المعروف بابن بري. وبهامشه رسالة رائقة لطيفة في احد مباحث البسملة الشريفة تسمى القول الاجلى في كون البسملة من القرآن اولا لموءلف الشرح المذكور ... ا.‎</subfield>
	</datafield>
	<datafield ind1=" " ind2=" " tag="880">
		<subfield code="6">260-03</subfield>
		<subfield code="a">تونس :‎</subfield>
		<subfield code="b">مطبعة التونسية، ١٩٣٥.‎</subfield>
	</datafield>
	<datafield ind1=" " ind2=" " tag="959">
		<subfield code="a">NNU</subfield>
		<subfield code="b">WEB</subfield>
		<subfield code="c">GENI</subfield>
		<subfield code="t">0</subfield>
		<subfield code="m">Electronic access</subfield>
		<subfield code="s">01</subfield>
	</datafield>
	<datafield ind1=" " ind2=" " tag="959">
		<subfield code="a">NNU</subfield>
		<subfield code="b">WEB</subfield>
		<subfield code="c">GENI</subfield>
		<subfield code="t">0</subfield>
		<subfield code="m">Electronic access</subfield>
		<subfield code="s">01</subfield>
	</datafield>
	<datafield ind1=" " ind2=" " tag="999">
		<subfield code="i">NjP_2785540</subfield>
		<subfield code="o">(OCoLC)ocm42811513</subfield>
		<subfield code="s">princeton_aco004572:</subfield>
		<subfield code="e">(ERROR-880)(ERROR-MISC)</subfield>
		<subfield code="s">princeton_aco004572:</subfield>
	</datafield>
</record>
